<?xml version="1.0" encoding="UTF-8"?>
<collection xmlns:xsi="http://www.w3.org/2001/XMLSchema-instance" xsi:schemaLocation="http://www.loc.gov/MARC21/slim http://www.loc.gov/standards/marcxml/schema/MARC21slim.xsd" xmlns="http://www.loc.gov/MARC21/slim">
<record>
  <leader>00769cam a22002171  4500</leader>
  <controlfield tag="001">4912267</controlfield>
  <controlfield tag="003">NNC</controlfield>
  <controlfield tag="005">20100302234642.0</controlfield>
  <controlfield tag="008">931118m19291956ua            000 0 arard</controlfield>
  <datafield tag="035" ind1=" " ind2=" ">
    <subfield code="a">(OCoLC)57018377</subfield>
  </datafield>
  <datafield tag="035" ind1=" " ind2=" ">
    <subfield code="a">(OCoLC)ocm57018377</subfield>
  </datafield>
  <datafield tag="035" ind1=" " ind2=" ">
    <subfield code="a">(NNC)4912267</subfield>
  </datafield>
  <datafield tag="040" ind1=" " ind2=" ">
    <subfield code="a">WaU</subfield>
    <subfield code="c">WaU</subfield>
    <subfield code="d">CU</subfield>
    <subfield code="d">NNC</subfield>
  </datafield>
  <datafield tag="100" ind1="1" ind2=" ">
    <subfield code="a">Ibn Taghrībirdī, Abū al-Maḥāsin Yūsuf,</subfield>
    <subfield code="d">1411-1470.</subfield>
  </datafield>
  <datafield tag="245" ind1="0" ind2="3">
    <subfield code="a">al-Nujūm al-zāhirah fī mulūk Miṣr wa-al-Qāhirah /</subfield>
    <subfield code="c">taʾlīf Jamāl al-Dīn Abī al-Maḥāsin Yūsuf ibn Taghrībirdī al-Atābikī.</subfield>
  </datafield>
  <datafield tag="260" ind1=" " ind2=" ">
    <subfield code="a">[al-Qāhirah]</subfield>
    <subfield code="b">Dār al-Kutub al-Miṣrīyah,</subfield>
    <subfield code="c">1929-56.</subfield>
  </datafield>
  <datafield tag="300" ind1=" " ind2=" ">
    <subfield code="a">12 v. in 11.</subfield>
    <subfield code="c">28 cm.</subfield>
  </datafield>
  <datafield tag="500" ind1=" " ind2=" ">
    <subfield code="a">Egyptian annals.</subfield>
  </datafield>
  <datafield tag="651" ind1=" " ind2="0">
    <subfield code="a">Egypt</subfield>
    <subfield code="x">History</subfield>
    <subfield code="y">640-1882.</subfield>
  </datafield>
  <datafield tag="955" ind1=" " ind2=" ">
    <subfield code="b">0315333337</subfield>
    <subfield code="d">glx</subfield>
    <subfield code="e">893.718 Ab913</subfield>
    <subfield code="v">v.8</subfield>
  </datafield>
</record>
</collection>